<?xml version="1.0" encoding="UTF-8"?><collection xmlns="http://www.loc.gov/MARC21/slim"><record><leader>00609nam--2200181-i-4500</leader><controlfield tag="001">000026511</controlfield><controlfield tag="002">20161230</controlfield><controlfield tag="005">20161230201036</controlfield><controlfield tag="008">060222s1000------------r-----000-0-eng-d</controlfield><datafield ind1=" " ind2=" " tag="040"><subfield code="a">IFIN-HH</subfield></datafield><datafield ind1=" " ind2=" " tag="080"><subfield code="a">539.155.2</subfield></datafield><datafield ind1="1" ind2=" " tag="100"><subfield code="a">Sommerville, J.L</subfield></datafield><datafield ind1="1" ind2="0" tag="245"><subfield code="a">The isotope index ; the c</subfield><subfield code="b">Volume i, ii, iv, v the complete purchasing guide to the isotopes; stable, radioactive labeled compounds</subfield><subfield code="c">J.l. sommerville (ed.)</subfield></datafield><datafield ind1=" " ind2=" " tag="260"><subfield code="a">Indianapolis</subfield><subfield code="b">Scientific Equipment, Corp</subfield><subfield code="c">1956, 1961</subfield></datafield><datafield ind1=" " ind2=" " tag="300"><subfield code="a">4 VOLUME</subfield></datafield><datafield ind1="1" ind2=" " tag="787"><subfield code="a">Volume V</subfield><subfield code="d">1960-1961</subfield><subfield code="h">143p</subfield></datafield><datafield ind1=" " ind2=" " tag="852"><subfield code="a">12208</subfield><subfield code="c">539.163</subfield></datafield><datafield ind1=" " ind2=" " tag="CAT"><subfield code="a">Sys</subfield><subfield code="c">20120516</subfield><subfield code="h">130044</subfield></datafield></record></collection>